@article{sharir,
    author    = "Sharir, Micha, Shaul, Hayim",
    title     = "Semialgebraic Range Reporting and Emptiness Searching with Applications",
    journal   = "SIAM Journal of Computing",
	volume   = "40",
    pages    = "1045-1074",
    year      = "2011"
}
@article{chazelle,
    author    = "Chazelle, Bernard, Rosenberg, Burton",
    title     = "Computing Partial Sums in Multidimensional Arrays",
    journal   = " Proceedings of the ACM Symposium on Computational Geometry",
    pages    = "131-139",
    year      = "1989"
}
@article{yao,
    author    = "Yao, A. C.",
    title     = "Space-Time Tradeoff for Answering Range Queries",
    journal   = "Proceedings of the ACM Symposium on Theory of Computing",
    pages    = "128-136",
    year      = "1982"
}
@article{agarwal,
    author    = "Agarwal, Pankaj K., Erickson, Jeff",
    title     = "Geometric Range Searching and Its Relatives",
    journal   = "Advances in Discrete and Computational Geometry",
    pages    = "1-56",
    year      = "1997"
}
@article{ishaque,
    author    = "Syed M. M.",
    title     = "Geometric Data Structures",
    journal   = "PhD Thesis",
    year      = "2010"
}
@article{erickson,
    author    = "Erickson, Jeff",
    title     = "Space-Time Tradeoffs for Emptiness Queries",
    journal   = "SIAM Journal of Computing",
	volume   = "29",
    pages    = "1968-1996",
    year      = "2000"
}
@article{benderetal,
    author    = "Bender, M.A., Farach-Colton, M., Pemmasani, G., Skiena, S., Sumazin, P.",
    title     = "Lowest Common Ancestors in Trees and Directed Acyclic Graphs",
    journal   = "J. Algorithms",
    volume   = "57",
    pages    = "75-94",
    year      = "2005"
}
@article{berkmanvishkin,
    author    = "Berkman, O., Vishkin, U.",
    title     = "Recursive Star-Tree Parallel Data Structure",
    journal   = "SIAM J. Comput.",
    volume   = "22",
    year      = "1993"
}
@article{bendercolton,
    author    = "Bender, M.A., Farach-Colton, M.",
    title     = "The LCA Problem Revisited",
    journal   = "Proc. LATIN, LNCS",
	publisher = "Springer"
    pages    = "88-94",
    year      = "2000"
}
@article{fischerheun,
    author    = "Fischer, J., Heun, V.",
    title     = "Theoretical and Practical Improvements on the RMQ-problem, with Applications to LCA and LCE",
    journal   = "Proc. CPM.",
    volume   = "4009",
    pages    = "36-48",
    year      = "2006"
}
@article{cormodemuthu,
    author    = "Cormode, G., Muthukrishnan, S.",
    title     = "An Improved Data Stream Summary: The Count-Min Sketch and Its Applications",
    journal   = "J. Algorithms",
	volume    = "55",
	pages     = "58-75",
    year      = "2005"
}
@article{gabowbentley,
    author    = "Gabow, H.N., Bentley, J.L., Tarjan, R.E.",
    title     = "Scaling and Related Techniques for Geometry Problems",
    journal   = "Proc. of the ACM STOC",
    pages    = "135-143",
    year      = "1984"
}
@article{gabowtarjan,
    author    = "Gabow, H.N., Tarjan, R.E.",
    title     = "A linear time algorithm for a Special Case of Disjoint Set Union",
    journal   = "Proceedings of the 15th Annual ACM Symposiumon Theory of Computing",
    pages    = "246-251",
    year      = "1983"
}
@article{charikarcolton,
    author    = "Charikar, M., Chen, K., Farach-Colton, M.",
    title     = "Finding Frequent Items in Data Streams",
    journal   = "Procedings of the International Colloquium on Automata, Languages and Programming (ICALP)",
    pages    = "693-703",
    year      = "2002"
}
@article{alonszegedy,
    author    = "Alon, N., Matias, Y., Szegedy, M.",
    title     = "The Space Complexity of Approximating the Frequency Moments",
    journal   = "Proceedings of the ACM Symposium on Theory of Computing",
    pages    = "20-29",
    year      = "1996"
}
@article{atallah,
    author    = "Atallah, M. J., Yuan, H.",
    title     = "Data Structures for Range Minimum Queries in Multidimensional Arrays",
    journal   = "Proceedings of the ACM Symposium on Discrete Algorithms",
    pages    = "150-160",
    year      = "2010"
}
@misc{website:danielp,
      author = "Daniel, P.",
      title = "Range Minimum Query and Lowest Common Ancestor",
      url = "http://community.topcoder.com/tc?module=Static&d1=tutorials&d2=lowestCommonAncestor"
}
